<record><leader>00000cas a22000007a 4500</leader><controlfield tag="001">11330448</controlfield><controlfield tag="008">841031d19191920inuwr ne      0    0eng d</controlfield><datafield ind1=" " ind2=" " tag="010"><subfield code="a">sn 84045431 </subfield></datafield><datafield ind1=" " ind2=" " tag="040"><subfield code="a">NPI</subfield><subfield code="b">eng</subfield><subfield code="c">NPI</subfield><subfield code="d">OCLCQ</subfield></datafield><datafield ind1=" " ind2=" " tag="042"><subfield code="a">msc</subfield></datafield><datafield ind1="0" ind2="4" tag="245"><subfield code="a">The National Democrat and The citizen-record.</subfield></datafield><datafield ind1=" " ind2=" " tag="260"><subfield code="a">Jeffersonville, Ind. :</subfield><subfield code="b">W.L. Mellett,</subfield><subfield code="c">1919-1920.</subfield></datafield><datafield ind1=" " ind2=" " tag="300"><subfield code="a">2 v. :</subfield><subfield code="b">ill. ;</subfield><subfield code="c">60 cm.</subfield></datafield><datafield ind1=" " ind2=" " tag="310"><subfield code="a">Weekly</subfield></datafield><datafield ind1="0" ind2=" " tag="362"><subfield code="a">Vol. 63, no. 43 (Oct. 31, 1919)-v. 64, no. 43 (Oct. 29, 1920).</subfield></datafield><datafield ind1=" " ind2=" " tag="580"><subfield code="a">Published also in a daily edition called: Evening news (1897).</subfield></datafield><datafield ind1=" " ind2=" " tag="752"><subfield code="a">United States</subfield><subfield code="b">Indiana</subfield><subfield code="c">Clark</subfield><subfield code="d">Jeffersonville.</subfield></datafield><datafield ind1="1" ind2=" " tag="775"><subfield code="t">Evening news (Jeffersonville, Ind. : 1897)</subfield><subfield code="w">(DLC)sn 85048138</subfield></datafield><datafield ind1="0" ind2="4" tag="780"><subfield code="t">National Democrat (Jeffersonville, Ind.)</subfield><subfield code="w">(DLC)sn 84023966</subfield></datafield><datafield ind1="0" ind2="4" tag="780"><subfield code="t">Citizen-record</subfield><subfield code="w">(DLC)sn 84045442</subfield></datafield><datafield ind1="0" ind2="0" tag="785"><subfield code="t">Clark County journal</subfield><subfield code="w">(DLC)sn 84045432</subfield></datafield></record>